@article{DBLP:journals/coling/Merialdo94,
  author       = {Bernard M{\'{e}}rialdo},
  title        = {Tagging English Text with a Probabilistic Model},
  journal      = {Comput. Linguistics},
  volume       = {20},
  number       = {2},
  pages        = {155--171},
  year         = {1994},
  timestamp    = {Mon, 11 May 2020 15:46:26 +0200},
  biburl       = {https://dblp.org/rec/journals/coling/Merialdo94.bib},
  bibsource    = {dblp computer science bibliography, https://dblp.org}
}

@article{DBLP:journals/corr/0001KYS17,
  author       = {Wenpeng Yin and
                  Katharina Kann and
                  Mo Yu and
                  Hinrich Sch{\"{u}}tze},
  title        = {Comparative Study of {CNN} and {RNN} for Natural Language Processing},
  journal      = {CoRR},
  volume       = {abs/1702.01923},
  year         = {2017},
  url          = {http://arxiv.org/abs/1702.01923},
  eprinttype    = {arXiv},
  eprint       = {1702.01923},
  timestamp    = {Mon, 05 Aug 2019 17:00:40 +0200},
  biburl       = {https://dblp.org/rec/journals/corr/0001KYS17.bib},
  bibsource    = {dblp computer science bibliography, https://dblp.org}
}

@inproceedings{DBLP:conf/mwscas/DeyS17,
  author       = {Rahul Dey and
                  Fathi M. Salem},
  title        = {Gate-variants of Gated Recurrent Unit {(GRU)} neural networks},
  booktitle    = {{IEEE} 60th International Midwest Symposium on Circuits and Systems,
                  {MWSCAS} 2017, Boston, MA, USA, August 6-9, 2017},
  pages        = {1597--1600},
  publisher    = {{IEEE}},
  year         = {2017},
  url          = {https://doi.org/10.1109/MWSCAS.2017.8053243},
  doi          = {10.1109/MWSCAS.2017.8053243},
  timestamp    = {Mon, 09 Aug 2021 14:54:01 +0200},
  biburl       = {https://dblp.org/rec/conf/mwscas/DeyS17.bib},
  bibsource    = {dblp computer science bibliography, https://dblp.org}
}

@article{DBLP:journals/neco/HochreiterS97,
  author       = {Sepp Hochreiter and
                  J{\"{u}}rgen Schmidhuber},
  title        = {Long Short-Term Memory},
  journal      = {Neural Comput.},
  volume       = {9},
  number       = {8},
  pages        = {1735--1780},
  year         = {1997},
  url          = {https://doi.org/10.1162/neco.1997.9.8.1735},
  doi          = {10.1162/NECO.1997.9.8.1735},
  timestamp    = {Tue, 01 Sep 2020 13:12:40 +0200},
  biburl       = {https://dblp.org/rec/journals/neco/HochreiterS97.bib},
  bibsource    = {dblp computer science bibliography, https://dblp.org}
}

@inproceedings{DBLP:conf/nips/VaswaniSPUJGKP17,
  author       = {Ashish Vaswani and
                  Noam Shazeer and
                  Niki Parmar and
                  Jakob Uszkoreit and
                  Llion Jones and
                  Aidan N. Gomez and
                  Lukasz Kaiser and
                  Illia Polosukhin},
  editor       = {Isabelle Guyon and
                  Ulrike von Luxburg and
                  Samy Bengio and
                  Hanna M. Wallach and
                  Rob Fergus and
                  S. V. N. Vishwanathan and
                  Roman Garnett},
  title        = {Attention is All you Need},
  booktitle    = {Advances in Neural Information Processing Systems 30: Annual Conference
                  on Neural Information Processing Systems 2017, December 4-9, 2017,
                  Long Beach, CA, {USA}},
  pages        = {5998--6008},
  year         = {2017},
  url          = {https://proceedings.neurips.cc/paper/2017/hash/3f5ee243547dee91fbd053c1c4a845aa-Abstract.html},
  timestamp    = {Thu, 21 Jan 2021 15:15:21 +0100},
  biburl       = {https://dblp.org/rec/conf/nips/VaswaniSPUJGKP17.bib},
  bibsource    = {dblp computer science bibliography, https://dblp.org}
}

@article{DBLP:journals/csur/KottiGS23,
  author       = {Zoe Kotti and
                  Rafaila Galanopoulou and
                  Diomidis Spinellis},
  title        = {Machine Learning for Software Engineering: {A} Tertiary Study},
  journal      = {{ACM} Comput. Surv.},
  volume       = {55},
  number       = {12},
  pages        = {256:1--256:39},
  year         = {2023},
  url          = {https://doi.org/10.1145/3572905},
  doi          = {10.1145/3572905},
  timestamp    = {Fri, 02 Jun 2023 21:22:31 +0200},
  biburl       = {https://dblp.org/rec/journals/csur/KottiGS23.bib},
  bibsource    = {dblp computer science bibliography, https://dblp.org}
}

@article{DBLP:journals/tii/CuiXCCWC18,
  author       = {Zhihua Cui and
                  Fei Xue and
                  Xingjuan Cai and
                  Yang Cao and
                  Gaige Wang and
                  Jinjun Chen},
  title        = {Detection of Malicious Code Variants Based on Deep Learning},
  journal      = {{IEEE} Trans. Ind. Informatics},
  volume       = {14},
  number       = {7},
  pages        = {3187--3196},
  year         = {2018},
  url          = {https://doi.org/10.1109/TII.2018.2822680},
  doi          = {10.1109/TII.2018.2822680},
  timestamp    = {Thu, 21 May 2020 19:34:20 +0200},
  biburl       = {https://dblp.org/rec/journals/tii/CuiXCCWC18.bib},
  bibsource    = {dblp computer science bibliography, https://dblp.org}
}

@inproceedings{DBLP:conf/acl/IyerKCZ16,
  author       = {Srinivasan Iyer and
                  Ioannis Konstas and
                  Alvin Cheung and
                  Luke Zettlemoyer},
  title        = {Summarizing Source Code using a Neural Attention Model},
  booktitle    = {Proceedings of the 54th Annual Meeting of the Association for Computational
                  Linguistics, {ACL} 2016, August 7-12, 2016, Berlin, Germany, Volume
                  1: Long Papers},
  publisher    = {The Association for Computer Linguistics},
  year         = {2016},
  url          = {https://doi.org/10.18653/v1/p16-1195},
  doi          = {10.18653/V1/P16-1195},
  timestamp    = {Sun, 12 Nov 2023 02:14:31 +0100},
  biburl       = {https://dblp.org/rec/conf/acl/IyerKCZ16.bib},
  bibsource    = {dblp computer science bibliography, https://dblp.org}
}

@inproceedings{DBLP:conf/sigsoft/BruchMM09,
  author       = {Marcel Bruch and
                  Martin Monperrus and
                  Mira Mezini},
  editor       = {Hans van Vliet and
                  Val{\'{e}}rie Issarny},
  title        = {Learning from examples to improve code completion systems},
  booktitle    = {Proceedings of the 7th joint meeting of the European Software Engineering
                  Conference and the {ACM} {SIGSOFT} International Symposium on Foundations
                  of Software Engineering, 2009, Amsterdam, The Netherlands, August
                  24-28, 2009},
  pages        = {213--222},
  publisher    = {{ACM}},
  year         = {2009},
  url          = {https://doi.org/10.1145/1595696.1595728},
  doi          = {10.1145/1595696.1595728},
  timestamp    = {Tue, 01 Feb 2022 10:45:16 +0100},
  biburl       = {https://dblp.org/rec/conf/sigsoft/BruchMM09.bib},
  bibsource    = {dblp computer science bibliography, https://dblp.org}
}

@article{DBLP:journals/swarm/FrancescaBBTB14,
  author       = {Gianpiero Francesca and
                  Manuele Brambilla and
                  Arne Brutschy and
                  Vito Trianni and
                  Mauro Birattari},
  title        = {AutoMoDe: {A} novel approach to the automatic design of control software
                  for robot swarms},
  journal      = {Swarm Intell.},
  volume       = {8},
  number       = {2},
  pages        = {89--112},
  year         = {2014},
  url          = {https://doi.org/10.1007/s11721-014-0092-4},
  doi          = {10.1007/S11721-014-0092-4},
  timestamp    = {Thu, 09 Jul 2020 22:44:24 +0200},
  biburl       = {https://dblp.org/rec/journals/swarm/FrancescaBBTB14.bib},
  bibsource    = {dblp computer science bibliography, https://dblp.org}
}
@inproceedings{evett1998gp,
  title={GP-based software quality prediction},
  author={Evett, Matthew and Khoshgoftar, Taghi and Chien, Pei-der and Allen, Edward and others},
  booktitle={Genetic Programming 1998: Proceedings of the Third Annual Conference},
  pages={60--65},
  year={1998},
  organization={AAAI, Morgan Kaufmann Madison, WI}
}

@article{DBLP:journals/infsof/Dominguez-JimenezEGM11,
  author       = {Juan Jos{\'{e}} Dom{\'{\i}}nguez{-}Jim{\'{e}}nez and
                  Antonia Estero{-}Botaro and
                  Antonio Garc{\'{\i}}a{-}Dom{\'{\i}}nguez and
                  Inmaculada Medina{-}Bulo},
  title        = {Evolutionary mutation testing},
  journal      = {Inf. Softw. Technol.},
  volume       = {53},
  number       = {10},
  pages        = {1108--1123},
  year         = {2011},
  url          = {https://doi.org/10.1016/j.infsof.2011.03.008},
  doi          = {10.1016/J.INFSOF.2011.03.008},
  timestamp    = {Thu, 20 Feb 2020 13:21:25 +0100},
  biburl       = {https://dblp.org/rec/journals/infsof/Dominguez-JimenezEGM11.bib},
  bibsource    = {dblp computer science bibliography, https://dblp.org}
}

@phdthesis{lezama2008program,
  title={Program synthesis by sketching},
  author={Lezama, A Solar},
  year={2008},
  school={Citeseer}
}

@inproceedings{DBLP:conf/pakdd/LiSTHXLL19,
  author       = {Heng{-}Yi Li and
                  Shu{-}Ting Shi and
                  Ferdian Thung and
                  Xuan Huo and
                  Bowen Xu and
                  Ming Li and
                  David Lo},
  editor       = {Qiang Yang and
                  Zhi{-}Hua Zhou and
                  Zhiguo Gong and
                  Min{-}Ling Zhang and
                  Sheng{-}Jun Huang},
  title        = {DeepReview: Automatic Code Review Using Deep Multi-instance Learning},
  booktitle    = {Advances in Knowledge Discovery and Data Mining - 23rd Pacific-Asia
                  Conference, {PAKDD} 2019, Macau, China, April 14-17, 2019, Proceedings,
                  Part {II}},
  series       = {Lecture Notes in Computer Science},
  volume       = {11440},
  pages        = {318--330},
  publisher    = {Springer},
  year         = {2019},
  url          = {https://doi.org/10.1007/978-3-030-16145-3\_25},
  doi          = {10.1007/978-3-030-16145-3\_25},
  timestamp    = {Wed, 25 Sep 2019 18:22:32 +0200},
  biburl       = {https://dblp.org/rec/conf/pakdd/LiSTHXLL19.bib},
  bibsource    = {dblp computer science bibliography, https://dblp.org}
}

@inproceedings{DBLP:conf/nips/Wei0SBIXCLZ22,
  author       = {Jason Wei and
                  Xuezhi Wang and
                  Dale Schuurmans and
                  Maarten Bosma and
                  Brian Ichter and
                  Fei Xia and
                  Ed H. Chi and
                  Quoc V. Le and
                  Denny Zhou},
  editor       = {Sanmi Koyejo and
                  S. Mohamed and
                  A. Agarwal and
                  Danielle Belgrave and
                  K. Cho and
                  A. Oh},
  title        = {Chain-of-Thought Prompting Elicits Reasoning in Large Language Models},
  booktitle    = {Advances in Neural Information Processing Systems 35: Annual Conference
                  on Neural Information Processing Systems 2022, NeurIPS 2022, New Orleans,
                  LA, USA, November 28 - December 9, 2022},
  year         = {2022},
  url          = {http://papers.nips.cc/paper\_files/paper/2022/hash/9d5609613524ecf4f15af0f7b31abca4-Abstract-Conference.html},
  timestamp    = {Mon, 08 Jan 2024 16:31:37 +0100},
  biburl       = {https://dblp.org/rec/conf/nips/Wei0SBIXCLZ22.bib},
  bibsource    = {dblp computer science bibliography, https://dblp.org}
}

@inproceedings{DBLP:conf/nips/BrownMRSKDNSSAA20,
  author       = {Tom B. Brown and
                  Benjamin Mann and
                  Nick Ryder and
                  Melanie Subbiah and
                  Jared Kaplan and
                  Prafulla Dhariwal and
                  Arvind Neelakantan and
                  Pranav Shyam and
                  Girish Sastry and
                  Amanda Askell and
                  Sandhini Agarwal and
                  Ariel Herbert{-}Voss and
                  Gretchen Krueger and
                  Tom Henighan and
                  Rewon Child and
                  Aditya Ramesh and
                  Daniel M. Ziegler and
                  Jeffrey Wu and
                  Clemens Winter and
                  Christopher Hesse and
                  Mark Chen and
                  Eric Sigler and
                  Mateusz Litwin and
                  Scott Gray and
                  Benjamin Chess and
                  Jack Clark and
                  Christopher Berner and
                  Sam McCandlish and
                  Alec Radford and
                  Ilya Sutskever and
                  Dario Amodei},
  editor       = {Hugo Larochelle and
                  Marc'Aurelio Ranzato and
                  Raia Hadsell and
                  Maria{-}Florina Balcan and
                  Hsuan{-}Tien Lin},
  title        = {Language Models are Few-Shot Learners},
  booktitle    = {Advances in Neural Information Processing Systems 33: Annual Conference
                  on Neural Information Processing Systems 2020, NeurIPS 2020, December
                  6-12, 2020, virtual},
  year         = {2020},
  url          = {https://proceedings.neurips.cc/paper/2020/hash/1457c0d6bfcb4967418bfb8ac142f64a-Abstract.html},
  timestamp    = {Thu, 25 May 2023 10:38:31 +0200},
  biburl       = {https://dblp.org/rec/conf/nips/BrownMRSKDNSSAA20.bib},
  bibsource    = {dblp computer science bibliography, https://dblp.org}
}

@inproceedings{DBLP:conf/iclr/WeiBZGYLDDL22,
  author       = {Jason Wei and
                  Maarten Bosma and
                  Vincent Y. Zhao and
                  Kelvin Guu and
                  Adams Wei Yu and
                  Brian Lester and
                  Nan Du and
                  Andrew M. Dai and
                  Quoc V. Le},
  title        = {Finetuned Language Models are Zero-Shot Learners},
  booktitle    = {The Tenth International Conference on Learning Representations, {ICLR}
                  2022, Virtual Event, April 25-29, 2022},
  publisher    = {OpenReview.net},
  year         = {2022},
  url          = {https://openreview.net/forum?id=gEZrGCozdqR},
  timestamp    = {Wed, 16 Aug 2023 16:10:28 +0200},
  biburl       = {https://dblp.org/rec/conf/iclr/WeiBZGYLDDL22.bib},
  bibsource    = {dblp computer science bibliography, https://dblp.org}
}
@article{DBLP:journals/corr/abs-2205-06175,
  author       = {Scott E. Reed et al.},
  title        = {A Generalist Agent},
  journal      = {CoRR},
  volume       = {abs/2205.06175},
  year         = {2022},
  url          = {https://doi.org/10.48550/arXiv.2205.06175},
  doi          = {10.48550/ARXIV.2205.06175},
  eprinttype    = {arXiv},
  eprint       = {2205.06175},
  timestamp    = {Tue, 17 May 2022 17:31:03 +0200},
  biburl       = {https://dblp.org/rec/journals/corr/abs-2205-06175.bib},
  bibsource    = {dblp computer science bibliography, https://dblp.org}
}

@misc{GitHubCo9:online,
author = {},
title = {GitHub Copilot X: The AI-powered developer experience - The GitHub Blog},
howpublished = {\url{https://github.blog/2023-03-22-github-copilot-x-the-ai-powered-developer-experience/}},
month = {},
year = {},
note = {(Accessed on 03/03/2024)}
}

@article{DBLP:journals/tmlr/WeiTBRZBYBZMCHVLDF22,
  author       = {Jason Wei and
                  Yi Tay and
                  Rishi Bommasani and
                  Colin Raffel and
                  Barret Zoph and
                  Sebastian Borgeaud and
                  Dani Yogatama and
                  Maarten Bosma and
                  Denny Zhou and
                  Donald Metzler and
                  Ed H. Chi and
                  Tatsunori Hashimoto and
                  Oriol Vinyals and
                  Percy Liang and
                  Jeff Dean and
                  William Fedus},
  title        = {Emergent Abilities of Large Language Models},
  journal      = {Trans. Mach. Learn. Res.},
  volume       = {2022},
  year         = {2022},
  url          = {https://openreview.net/forum?id=yzkSU5zdwD},
  timestamp    = {Fri, 19 May 2023 11:20:41 +0200},
  biburl       = {https://dblp.org/rec/journals/tmlr/WeiTBRZBYBZMCHVLDF22.bib},
  bibsource    = {dblp computer science bibliography, https://dblp.org}
}

@article{jiang2023mistral,
  title={Mistral 7B},
  author={Jiang, Albert Q and Sablayrolles, Alexandre and Mensch, Arthur and Bamford, Chris and Chaplot, Devendra Singh and Casas, Diego de las and Bressand, Florian and Lengyel, Gianna and Lample, Guillaume and Saulnier, Lucile and others},
  journal={arXiv preprint arXiv:2310.06825},
  year={2023}
}

@article{almazrouei2023falcon,
  title={The falcon series of open language models},
  author={Almazrouei, Ebtesam and Alobeidli, Hamza and Alshamsi, Abdulaziz and Cappelli, Alessandro and Cojocaru, Ruxandra and Debbah, M{\'e}rouane and Goffinet, {\'E}tienne and Hesslow, Daniel and Launay, Julien and Malartic, Quentin and others},
  journal={arXiv preprint arXiv:2311.16867},
  year={2023}
}

@article{touvron2023llama,
  title={Llama: Open and efficient foundation language models},
  author={Touvron, Hugo and Lavril, Thibaut and Izacard, Gautier and Martinet, Xavier and Lachaux, Marie-Anne and Lacroix, Timoth{\'e}e and Rozi{\`e}re, Baptiste and Goyal, Naman and Hambro, Eric and Azhar, Faisal and others},
  journal={arXiv preprint arXiv:2302.13971},
  year={2023}
}

@article{wang2024software,
  title={Software testing with large language models: Survey, landscape, and vision},
  author={Wang, Junjie and Huang, Yuchao and Chen, Chunyang and Liu, Zhe and Wang, Song and Wang, Qing},
  journal={IEEE Transactions on Software Engineering},
  year={2024},
  publisher={IEEE}
}

@article{hong2023metagpt,
  title={Metagpt: Meta programming for multi-agent collaborative framework},
  author={Hong, Sirui and Zheng, Xiawu and Chen, Jonathan and Cheng, Yuheng and Wang, Jinlin and Zhang, Ceyao and Wang, Zili and Yau, Steven Ka Shing and Lin, Zijuan and Zhou, Liyang and others},
  journal={arXiv preprint arXiv:2308.00352},
  year={2023}
}

@article{chen2023agentverse,
  title={Agentverse: Facilitating multi-agent collaboration and exploring emergent behaviors in agents},
  author={Chen, Weize and Su, Yusheng and Zuo, Jingwei and Yang, Cheng and Yuan, Chenfei and Qian, Chen and Chan, Chi-Min and Qin, Yujia and Lu, Yaxi and Xie, Ruobing and others},
  journal={arXiv preprint arXiv:2308.10848},
  year={2023}
}

@article{yao2022react,
  title={React: Synergizing reasoning and acting in language models},
  author={Yao, Shunyu and Zhao, Jeffrey and Yu, Dian and Du, Nan and Shafran, Izhak and Narasimhan, Karthik and Cao, Yuan},
  journal={arXiv preprint arXiv:2210.03629},
  year={2022}
}

@article{wang2023survey,
  title={A survey on large language model based autonomous agents},
  author={Wang, Lei and Ma, Chen and Feng, Xueyang and Zhang, Zeyu and Yang, Hao and Zhang, Jingsen and Chen, Zhiyuan and Tang, Jiakai and Chen, Xu and Lin, Yankai and others},
  journal={arXiv preprint arXiv:2308.11432},
  year={2023}
}